@inproceedings{zaharia2010delay,
 author = {Zaharia, Matei and Borthakur, Dhruba and Sen Sarma, Joydeep and Elmeleegy, Khaled and Shenker, Scott and Stoica, Ion},
 title = {Delay Scheduling: A Simple Technique for Achieving Locality and Fairness in Cluster Scheduling},
 booktitle = {Proceedings of the 5th European Conference on Computer Systems},
 series = {EuroSys '10},
 year = {2010},
 isbn = {978-1-60558-577-2},
 location = {Paris, France},
 pages = {265--278},
 numpages = {14},
 url = {http://doi.acm.org/10.1145/1755913.1755940},
 doi = {10.1145/1755913.1755940},
 acmid = {1755940},
 publisher = {ACM},
 address = {New York, NY, USA},
 keywords = {cluster computing, fair sharing, mapreduce, scheduling},
}

@article{KumarTC14,
  author    = {Akshay Kumar and
               Ravi Tandon and
               T. Charles Clancy},
  title     = {On the Latency of Erasure-Coded Cloud Storage Systems},
  journal   = {CoRR},
  volume    = {abs/1405.2833},
  year      = {2014},
  url       = {http://arxiv.org/abs/1405.2833},
  timestamp = {Mon, 02 Jun 2014 08:30:36 +0200},
  biburl    = {http://dblp.uni-trier.de/rec/bib/journals/corr/KumarTC14},
  bibsource = {dblp computer science bibliography, http://dblp.org}
}

@article{vinay14,
  author    = {Antonio Campello and
               Vinay A. Vaishampayan},
  title     = {Reliability of Erasure Coded Storage Systems: {A} Geometric Approach},
  journal   = {CoRR},
  volume    = {abs/1409.7286},
  year      = {2014},
  url       = {http://arxiv.org/abs/1409.7286},
  timestamp = {Wed, 01 Oct 2014 15:00:04 +0200},
  biburl    = {http://dblp.uni-trier.de/rec/bib/journals/corr/CampelloV14},
  bibsource = {dblp computer science bibliography, http://dblp.org}
}
@PhDThesis{vinodh,
   address             = {Lausanne},
   affiliation         = {EPFL},
   author              = {Venkatesan, Vinodh},
   details             = {http://infoscience.epfl.ch/record/181542},
   doctoral            = {EDIC},
   documenturl         = {http://infoscience.epfl.ch/record/181542/files/EPFL_TH5531.pdf},
   doi                 = {10.5075/epfl-thesis-5531},
   extra-id            = {7359991},
   institute           = {ISC},
   keywords            = {data storage; reliability; MTTDL; data
                         placement; erasure codes; replication; simulation},
   language            = {eng},
   oai-id              = {oai:infoscience.epfl.ch:181542},
   oai-set             = {thesis-urn},
   original-unit       = {LTHC},
   production-date     = 2012,
   public-defence-date = 2012,
   publisher           = {EPFL},
   school              = {IC},
   status              = {PUBLISHED},
   submitter           = {108898},
   thesis-id           = {5531},
   thesis-note         = {B. Falsafi (Pr√©sident), A.G. Dimakis, E. Eleftheriou, P. Thiran},
   title               = {Reliability {A}nalysis of {D}ata {S}torage {S}ystems},
   unit                = {LTHC ARNI},
   urn                 = {urn:nbn:ch:bel-epfl-thesis5531-5},
   year                = 2012
}




@inproceedings{Marie1980,
 author = {Marie, R.},
 title = {Calculating equilibrium probabilities for (n)/Ck/1/N queues},
 booktitle = {Performance 80, International Symp. On Computer Performance Modeling},
year = {1980},
location = {Toronto, Canada},
  pages = {117--125},
}

@inproceedings{Moustafa_2001,
 author = {Moustafa. M. S.},
 title = {Availability of shared-load K-out-of-N:G system with exponential
failures and general repairs approximated by phase-type distributions},
 booktitle = {5th International Conference on Reliability, Maintainability and Safety},
year = {2001},
month-{Aug.}
location = {Dalian,
China},
  pages = {151--157},
}


@article{Moustafa_2003,
 author = {Moustafa. M. S.},
 title = {Time Dependent Availability of K- out-of-N:G Systems with
Exponential Failures and General Repairs},
 journal = {Economic Quality Control},
 issue_date = {2003},
 volume = {18},
 number = {1},
 year = {2003},
 pages = {59--66},
}



@inproceedings {RashmiShahUsenix2013,
author = {K. V. Rashmi and Nihar B. Shah and Dikang Gu and Hairong Kuang and Dhruba Borthakur and Kannan Ramchandran},
title = {A Solution to the Network Challenges of Data Recovery in Erasure-coded Distributed Storage Systems: A Study on the Facebook Warehouse Cluster},
booktitle = {Presented as part of the 5th USENIX Workshop on Hot Topics in Storage and File Systems},
year = {2013},
location = {San Jose, CA},
url = {https://www.usenix.org/conference/hotstorage13/workshop-program/presentation/Rashmi},
publisher = {USENIX},
address = {Berkeley, CA}
}


@article{Chen,
 author = {Chen, Peter M. and Lee, Edward K. and Gibson, Garth A. and Katz, Randy H. and Patterson, David A.},
 title = {RAID: High-performance, Reliable Secondary Storage},
 journal = {ACM Comput. Surv.},
 issue_date = {June 1994},
 volume = {26},
 number = {2},
 month = jun,
 year = {1994},
 issn = {0360-0300},
 pages = {145--185},
 numpages = {41},
 url = {http://doi.acm.org/10.1145/176979.176981},
 doi = {10.1145/176979.176981},
 acmid = {176981},
 publisher = {ACM},
 address = {New York, NY, USA},
 keywords = {RAID, disk array, parallel I/O, redundancy, storage, striping},
}

@ARTICLE{Angus,
author={Angus, J.E.},
journal={Reliability, IEEE Transactions on},
title={On computing MTBF for a k-out-of-n:G repairable system},
year={1988},
month={Aug},
volume={37},
number={3},
pages={312-313},
keywords={failure analysis;reliability theory;MTBF;exponential interfailure;k-out-of-n:G repairable system;mean time between failures;parallel system;reliability;repair times;unlimited repair;Aerospace engineering;Aircraft propulsion;Design engineering;Engineering management;Exponential distribution;Markov processes;Probability;Reliability engineering;Steady-state},
doi={10.1109/24.3761},
ISSN={0018-9529},}

@ARTICLE{spacemonkey,
title={SpaceMonkey project, http://www.spacemonkey.com/},
}




@ARTICLE{tahoe,
title={Tahoe: the least-authority file system, https://tahoe-lafs.org/trac/tahoe-lafs},
}

@ARTICLE{qfs,
title={Quantcast File System, https://www.quantcast.com/engineering/qfs},
}
@ARTICLE{Chaogithub,
title={https://github.com/ct2641/repair-efficient-erasure-codes},
author = {Chao Tian},
}

@article{mapreduce,
 author = {Dean, Jeffrey and Ghemawat, Sanjay},
 title = {MapReduce: Simplified Data Processing on Large Clusters},
 journal = {Commun. ACM},
 issue_date = {January 2008},
 volume = {51},
 number = {1},
 month = jan,
 year = {2008},
 issn = {0001-0782},
 pages = {107--113},
 numpages = {7},
 url = {http://doi.acm.org/10.1145/1327452.1327492},
 doi = {10.1145/1327452.1327492},
 acmid = {1327492},
 publisher = {ACM},
 address = {New York, NY, USA},
}



@article{SatAstPapDimVadChe,
 author = {Sathiamoorthy, Maheswaran and Asteris, Megasthenis and Papailiopoulos, Dimitris and Dimakis, Alexandros G. and Vadali, Ramkumar and Chen, Scott and Borthakur, Dhruba},
 title = {XORing Elephants: Novel Erasure Codes for Big Data},
 journal = {Proc. VLDB Endow.},
 issue_date = {March 2013},
 volume = {6},
 number = {5},
 month = mar,
 year = {2013},
 issn = {2150-8097},
 pages = {325--336},
 numpages = {12},
 url = {http://dx.doi.org/10.14778/2535573.2488339},
 doi = {10.14778/2535573.2488339},
 acmid = {2488339},
 publisher = {VLDB Endowment},
}





@ARTICLE{Dimakis:10,
author={Dimakis, A.G. and Godfrey, P.B. and Wu, Y. and Wainwright, M.J. and Ramchandran, K.},
journal={Information Theory, IEEE Transactions on},
title={Network Coding for Distributed Storage Systems},
year={2010},
month={Sept},
volume={56},
number={9},
pages={4539-4551},
keywords={error correction codes;network coding;storage area networks;data centers;distributed storage systems;encoded fragments;erasure coded system;network coding;peer-to-peer storage systems;regenerating codes;repair bandwidth;wireless networks;Bandwidth;Communication system control;Computer science;Distributed databases;Encoding;Helium;Maintenance engineering;Network coding;Peer to peer computing;Redundancy;Statistics;Telecommunication network reliability;Wireless networks;Distributed storage;network coding;peer-to-peer storage;regenerating codes},
doi={10.1109/TIT.2010.2054295},
ISSN={0018-9448},}



@ARTICLE{Yeung:00,
author={Ahlswede, R. and Ning Cai and Li, S.-Y.R. and Yeung, R.W.},
journal={Information Theory, IEEE Transactions on},
title={Network information flow},
year={2000},
month={Jul},
volume={46},
number={4},
pages={1204-1216},
keywords={computer networks;directed graphs;encoding;minimax techniques;multicast communication;telecommunication network routing;telecommunication switching;admissible coding rate region;bandwidth;computer network applications;directed graph;information source;information sources;max-flow min-cut theorem;multicasting;networ routing;network coding;network information flow;node coding;point-to-point communication network;switching systems design;Application software;Bandwidth;Communication networks;Computer networks;IP networks;Network coding;Source coding;Spine;Switches;Switching systems},
doi={10.1109/18.850663},
ISSN={0018-9448},}


@ARTICLE{Venketasan:12,
author={Venketasan, V.},
journal={PhD thesis, Ecole Polytechnique Federale De Lausanne},
title={Reliability Analysis of Data Storage Systems},
year={2012},
month={Sept},
}


@ARTICLE{Wu:10,
author={Wu, Y.},
journal={Selected Areas in Communications, IEEE Journal on},
title={Existence and Construction of Capacity-Achieving Network Codes for Distributed Storage},
year={2010},
month={February},
volume={28},
number={2},
pages={277-288},
keywords={network coding;telecommunication traffic;capacity-achieving network codes construction;code construction;cut-based analysis;distributed storage system;erasure coding;information flow evolution;network bandwidth repair;node failures arbitrary sequences;optimal tradeoff;path-weaving;telecommunication network traffic;unbounded receivers;Bandwidth;Failure analysis;Flow graphs;Galois fields;Information analysis;Network coding;Peer to peer computing;Redundancy;Telecommunication traffic;Traffic control;Network coding, distributed storage, erasure coding, multicast, code construction.},
doi={10.1109/JSAC.2010.100217},
ISSN={0733-8716},}


@ARTICLE{Dimakis:11,
author={Dimakis, A.G. and Ramchandran, K. and Wu, Y. and Changho Suh},
journal={Proceedings of the IEEE},
title={A Survey on Network Codes for Distributed Storage},
year={2011},
month={March},
volume={99},
number={3},
pages={476-489},
keywords={distributed processing;network coding;storage management;distributed storage system;network codes;partial code recovery;repair network traffic;repair problem;Bandwidth;Data storage systems;Distributed processing;Encoding;Flow graphs;Maintenance engineering;Network coding;Peer to peer computing;Reliability;Distributed storage;erasure coding;interference alignment;multicast;network coding},
doi={10.1109/JPROC.2010.2096170},
ISSN={0018-9219},}


@ARTICLE{RashmiShah:12:1,
author={Shah, N.B. and Rashmi, K.V. and Kumar, P.V. and Ramchandran, K.},
journal={Information Theory, IEEE Transactions on},
title={Distributed Storage Codes With Repair-by-Transfer and Nonachievability of Interior Points on the Storage-Bandwidth Tradeoff},
year={2012},
month={March},
volume={58},
number={3},
pages={1837-1852},
keywords={Reed-Solomon codes;source coding;Reed-Solomon codes;arithmetic operations;distributed storage codes;exact-repair code;helper node pooling;k nodes;repair-by-transfer;storage-bandwidth tradeoff;Bandwidth;Complexity theory;Distributed databases;Encoding;Joining processes;Maintenance engineering;Systematics;Distributed storage;minimum bandwidth;node repair;regenerating codes;storage versus repair-bandwidth tradeoff},
doi={10.1109/TIT.2011.2173792},
ISSN={0018-9448},}



@ARTICLE{RashmiShah:12:2,
author={Shah, N.B. and Rashmi, K.V. and Kumar, P.V. and Ramchandran, K.},
journal={Information Theory, IEEE Transactions on},
title={Interference Alignment in Regenerating Codes for Distributed Storage: Necessity and Code Constructions},
year={2012},
month={April},
volume={58},
number={4},
pages={2134-2158},
keywords={Reed-Solomon codes;interference suppression;IA principle;MDS code;MISER code;Reed-Solomon code;data recovery permission;distributed storage;interference alignment;linear exact-repair MSR code;maximum distance separable code;minimum storage regenerating code;regenerating code;Bandwidth;Generators;Interference;Maintenance engineering;Network coding;Systematics;Vectors;Distributed storage;interference alignment;maximum-distance-separable (MDS) regenerating codes;network coding;node repair;partial data recovery},
doi={10.1109/TIT.2011.2178588},
ISSN={0018-9448},}


@ARTICLE{RashmiShah:11,
author={Rashmi, K.V. and Shah, N.B. and Kumar, P.V.},
journal={Information Theory, IEEE Transactions on},
title={Optimal Exact-Regenerating Codes for Distributed Storage at the MSR and MBR Points via a Product-Matrix Construction},
year={2011},
month={Aug},
volume={57},
number={8},
pages={5227-5239},
keywords={codes;matrix algebra;storage management;distributed storage codes;erasure codes;minimum bandwidth regenerating codes;minimum storage regenerating codes;optimal exact-regenerating codes;product-matrix construction;product-matrix framework;Bandwidth;Context;Encoding;Joining processes;Maintenance engineering;Symmetric matrices;Systematics;Distributed storage;interference alignment;network coding;node repair;partial data recovery;product-matrix framework;regenerating codes},
doi={10.1109/TIT.2011.2159049},
ISSN={0018-9448},}



@ARTICLE{Tamo:11,
author={Tamo, I. and Zhiying Wang and Bruck, J.},
journal={Information Theory, IEEE Transactions on},
title={Zigzag Codes: MDS Array Codes With Optimal Rebuilding},
year={2013},
month={March},
volume={59},
number={3},
pages={1597-1616},
keywords={error correction codes;MDS array codes;decoding algorithm;encoding algorithm;erasure correcting capability;maximum distance separable array codes;optimal rebuilding ratio;storage system;two erasure correcting code;zigzag codes;Arrays;Bandwidth;Encoding;Frequency modulation;Maintenance engineering;Systematics;Vectors;Distributed storage;RAID;network coding;optimal rebuilding},
doi={10.1109/TIT.2012.2227110},
ISSN={0018-9448},}


@ARTICLE{Cadambe:11,
author={Cadambe, V.R. and Jafar, S.A. and Maleki, H. and Ramchandran, K. and Suh, C.},
journal={Information Theory, IEEE Transactions on},
title={Asymptotic Interference Alignment for Optimal Repair of MDS Codes in Distributed Storage},
year={2013},
month={May},
volume={59},
number={5},
pages={2974-2987},
keywords={network coding;radiofrequency interference;MDS codes optimal repair;asymptotic interference alignment;distributed storage;maximum distance separable erasure codes;multiple-node failure scenarios;multisource nonmulticast networks;network codes;repair bandwidth;Bandwidth;Interference;Linear code;Maintenance engineering;Systematics;Vectors;Distributed storage;exact-repair maximum distance separable (MDS) codes;interference alignment;network codes},
doi={10.1109/TIT.2013.2237752},
ISSN={0018-9448},}


@INPROCEEDINGS{PapailiopoulosDimakisCadambe:11,
author={Papailiopoulos, D.S. and Dimakis, A.G. and Cadambe, V.R.},
booktitle={Communication, Control, and Computing (Allerton), 2011 49th Annual Allerton Conference on},
title={Repair optimal erasure codes through hadamard designs},
year={2011},
month={Sept},
pages={1382-1389},
keywords={Hadamard codes;Hadamard matrices;Hadamard matrix design;distributed storage code system;first explicit 2-parity MDS storage code;high-rate MDS code;high-rate maximum-distance separable code;optimal erasure code;parity node;single node failure;Bandwidth;Equations;Interference;Maintenance engineering;Peer to peer computing;Systematics;Vectors},
doi={10.1109/Allerton.2011.6120328},}



@ARTICLE{Tian:12,
author={Tian, C.},
journal={Selected Areas in Communications, IEEE Journal on},
title={Characterizing the Rate Region of the (4,3,3) Exact-Repair Regenerating Codes},
year={2014},
month={May},
volume={32},
number={5},
pages={967-975},
keywords={binary codes;linear programming;(4,3,3) exact-repair regenerating codes;CAP approach;LP method;Yeung linear programming method;computer-aided proof approach;explicit binary code construction;explicit information theoretic converse;functional-repair regenerating codes;optimal bandwidth-storage tradeoff;rate region characterization;Bandwidth;Decoding;Entropy;Joints;Maintenance engineering;Optimization;Random variables;Data storage systems;information entropy},
doi={10.1109/JSAC.2014.140516},
ISSN={0733-8716},}




@INPROCEEDINGS{Papailiopoulos:12INFOCOM,
author={Papailiopoulos, D.S. and Jianqiang Luo and Dimakis, A.G. and Cheng Huang and Jin Li},
booktitle={INFOCOM, 2012 Proceedings IEEE},
title={Simple regenerating codes: Network coding for cloud storage},
year={2012},
month={March},
pages={2801-2805},
keywords={Reed-Solomon codes;cloud computing;network coding;reliability;storage area networks;storage management;cloud storage;cloud storage simulator;distributed storage codes;distributed storage systems;information encoding;information reliability;network codes;network coding;packet XORing;regenerating codes;replication codes;standard Reed-Solomon codes;storage efficiency;Availability;Cloud computing;Encoding;Maintenance engineering;Peer to peer computing;Servers},
doi={10.1109/INFCOM.2012.6195703},
ISSN={0743-166X},}


@INPROCEEDINGS{Papailiopoulos:12ISIT,
author={Papailiopoulos, D.S. and Dimakis, A.G.},
booktitle={Information Theory Proceedings (ISIT), 2012 IEEE International Symposium on},
title={Locally repairable codes},
year={2012},
month={July},
pages={2771-2775},
keywords={information theory;random codes;code distance;distributed storage codes;exact repair problem;information theorety;locality aware flow graph gadget;locally repairable codes;node repair;node storing encoded information;randomized code construction;repair locality;storage cost per node;Encoding;Entropy;Maintenance engineering;Measurement;Peer to peer computing;Reliability;Vectors},
doi={10.1109/ISIT.2012.6284027},
ISSN={2157-8095},}

@ARTICLE{GopHuaSimYek,
author={Gopalan, P. and Cheng Huang and Simitci, H. and Yekhanin, S.},
journal={Information Theory, IEEE Transactions on},
title={On the Locality of Codeword Symbols},
year={2012},
month={Nov},
volume={58},
number={11},
pages={6925-6934},
keywords={linear codes;parity check codes;check symbol;codeword length;codeword symbol;data storage application;erasure correction;information coordinates distance;information coordination locality;information symbol locality;linear code;message length;optimal code;parameter settings;parity coordination;redundancy;structure theorem;worst case distance;Linear code;Parity check codes;Redundancy;Silicon;Systematics;Vectors;Block codes;linear codes},
doi={10.1109/TIT.2012.2208937},
ISSN={0018-9448},}

@ARTICLE{JK13,
author={Liang, G. and Kozat, U.C.},
journal={Networking, IEEE/ACM Transactions on},
title={FAST CLOUD: Pushing the Envelope on Delay Performance of Cloud Storage With Coding},
year={2014},
month={Dec},
volume={22},
number={6},
pages={2012-2025},
keywords={Approximation methods;Cloud computing;Delays;Encoding;Forward error correction;Instruction sets;Servers;Cloud storage;delay;forward error correction (FEC);queueing},
doi={10.1109/TNET.2013.2289382},
ISSN={1063-6692},}

@INPROCEEDINGS{DPR04,
author={Dimakis, A.G. and Prabhakaran, V. and Ramchandran, K.},
booktitle={Signals, Systems and Computers, 2004. Conference Record of the Thirty-Eighth Asilomar Conference on},
title={Distributed data storage in sensor networks using decentralized erasure codes},
year={2004},
month={Nov},
volume={2},
pages={1387-1391 Vol.2},
keywords={error correction codes;storage;telecommunication network routing;wireless sensor networks;data packets;decentralized erasure codes;distributed data storage;large-scale wireless sensor network;prerouting;relays;sensor networks;storage devices;Delay;Information retrieval;Intelligent networks;Large-scale systems;Memory;Protocols;Relays;Scattering;Temperature sensors;Wireless sensor networks},
doi={10.1109/ACSSC.2004.1399381},}

@INPROCEEDINGS{AJX05,
author={Aguilera, M.K. and Janakiraman, R. and Lihao Xu},
booktitle={Dependable Systems and Networks, 2005. DSN 2005. Proceedings. International Conference on},
title={Using erasure codes efficiently for storage in a distributed system},
year={2005},
month={June},
pages={336-345},
keywords={codes;distributed databases;fault tolerant computing;redundancy;storage management;distributed system;erasure code;space-optimal data redundancy;Computer crashes;Computer science;Costs;Data engineering;Laboratories;Maintenance;Milling machines;Protection;Redundancy;Reliability engineering},
doi={10.1109/DSN.2005.96},}

@INPROCEEDINGS{HS07,
author={Kameyama, H. and Sato, Y.},
booktitle={Information Sciences and Systems, 2007. CISS '07. 41st Annual Conference on},
title={Erasure Codes with Small Overhead Factor and Their Distributed Storage Applications},
year={2007},
month={March},
pages={80-85},
keywords={Monte Carlo methods;parity check codes;storage management;Monte Carlo simulation;XOR-based erasure codes;distributed storage applications;maximum distance separable codes;overhead factor;parity check matrix;Arithmetic;Costs;Decoding;Distributed computing;Encoding;Fault tolerant systems;Laboratories;Memory;Parity check codes;Reed-Solomon codes},
doi={10.1109/CISS.2007.4298277},}

@ARTICLE{SH07,
author={Fallahi, A. and Hossain, E.},
journal={Mobile Computing, IEEE Transactions on},
title={Distributed and Energy-Aware MAC for Differentiated Services Wireless Packet Networks: A General Queuing Analytical Framework},
year={2007},
month={April},
volume={6},
number={4},
pages={381-394},
keywords={DiffServ networks;Markov processes;access protocols;matrix algebra;packet radio networks;quality of service;queueing theory;telecommunication traffic;wireless channels;Markovian arrival process;access delay;back-off mechanism;buffer-limited node;bursty traffic arrival;differentiated services wireless packet networks;energy-aware MAC;energy-limited node;head-of-line packet;matrix-geometric method;medium access control;packet dropping probability;packet transmission errors;phase-type distribution;phase-type nonpreemptive priority queue;queue length distribution;queuing analytical framework;vacation queuing model;wireless channel model;wireless packet data networks;Abstracts;Access protocols;Analytical models;Communication system traffic control;Media Access Protocol;Network servers;Performance analysis;Queueing analysis;Traffic control;Wireless application protocol;Markovian arrival process;Wireless packet networks;differentiated services;energy efficiency;matrix-geometric method.;phase-type distribution;priority queuing;quality of service (QoS)},
doi={10.1109/TMC.2007.49},
ISSN={1536-1233},}

@INPROCEEDINGS{TI10,
author={Taylor, N.E. and Ives, Z.G.},
booktitle={Data Engineering (ICDE), 2010 IEEE 26th International Conference on},
title={Reliable storage and querying for collaborative data sharing systems},
year={2010},
month={March},
pages={40-51},
keywords={distributed databases;groupware;query processing;relational databases;ORCHESTRA system;cloud DBMS;cloud services;collaborative data sharing systems;data exchange;data partitioning substrate;data transformation;database management systems;distributed DBMS;heterogeneous databases;indexing techniques;peer-to-peer architecture;query processing;query subsystem;relational data;storage subsystem;Clouds;Collaboration;Computer architecture;Databases;Indexing;Information science;Peer to peer computing;Personal communication networks;Prototypes;Query processing},
doi={10.1109/ICDE.2010.5447876},}

@ARTICLE{AG14,
author={Anglano, C. and Gaeta, R. and Grangetto, M.},
journal={Parallel and Distributed Systems, IEEE Transactions on},
title={Exploiting Rateless Codes in Cloud Storage Systems},
year={2014},
month={},
volume={PP},
number={99},
pages={1-1},
keywords={Analytical models;Availability;Cloud computing;Computer architecture;Decoding;Encoding;Protocols},
doi={10.1109/TPDS.2014.2321745},
ISSN={1045-9219},}

@INPROCEEDINGS{MG1:12,
author={Longbo Huang and Pawar, S. and Hao Zhang and Ramchandran, K.},
booktitle={Information Theory Proceedings (ISIT), 2012 IEEE International Symposium on},
title={Codes can reduce queueing delay in data centers},
year={2012},
month={July},
pages={2766-2770},
keywords={computer centres;content-based retrieval;delays;information retrieval systems;linear codes;queueing theory;storage management;BoS algorithm;blocking-one scheduling;content distribution networks;data centers;data retrieval delay reduction;data retrieval latency reduction;linear code;queueing delay reduction;request scheduling algorithm;storage system design;Delay;Encoding;Optimal scheduling;Redundancy;Scheduling;Servers;Throughput},
doi={10.1109/ISIT.2012.6284026},
ISSN={2157-8095},}

@ARTICLE{Joshi:13,
author={Joshi, G. and Yanpei Liu and Soljanin, E.},
journal={Selected Areas in Communications, IEEE Journal on},
title={On the Delay-Storage Trade-Off in Content Download from Coded Distributed Storage Systems},
year={2014},
month={May},
volume={32},
number={5},
pages={989-997},
keywords={cloud computing;encoding;queueing theory;redundancy;storage management;coded distributed storage systems;content downloading;content reconstruction;delay-storage trade-off;disk reliability;fork-join queueing framework;queueing theory;Analytical models;Encoding;Queueing analysis;Redundancy;Time factors;Upper bound;MDS codes;distributed storage;fork-join queues},
doi={10.1109/JSAC.2014.140518},
ISSN={0733-8716},}

@INPROCEEDINGS{AY11,
author={Abdelkefi, A. and Yuming Jiang},
booktitle={Communication Networks and Services Research Conference (CNSR), 2011 Ninth Annual},
title={A Structural Analysis of Network Delay},
year={2011},
month={May},
pages={41-48},
keywords={computer network performance evaluation;principal component analysis;telecommunication traffic;time series;delay analysis;delay measurement;delay time series;network delay;normal component;perturbation phenomenon;principal component analysis;smooth periodic trend;sparse burst;structural analysis;structural decomposition;traffic analysis;Aggregates;Atmospheric measurements;Delay;Particle measurements;Principal component analysis;Time series analysis;Network delay;PCA perturbation phenomenon;network delay analysis;network troubleshouting;principal component analysis PCA},
doi={10.1109/CNSR.2011.15},}

@ARTICLE{PT12,
author={Paganini, F. and Ao Tang and Ferragut, A. and Andrew, L.L.H.},
journal={Automatic Control, IEEE Transactions on},
title={Network Stability Under Alpha Fair Bandwidth Allocation With General File Size Distribution},
year={2012},
month={March},
volume={57},
number={3},
pages={579-591},
keywords={Internet;Lyapunov methods;bandwidth allocation;convergence;file organisation;flow instability;partial differential equations;stochastic processes;telecommunication congestion control;Internet;Lyapunov function;alpha fair bandwidth allocation;alpha-fair bandwidth allocation;asymptotic convergence;concave network utility;congestion control;end-to-end connection;exponentially distributed file-size;file-size distribution;finite-time convergence;fluid model;general file size distribution;heavy-tailed distribution;light-tailed restriction;network simulation;network stability;partial differential equation;phase-type distribution;positive alpha parameter;queueing system;rate allocation;residual file size distribution;stochastic sense;stochastic stability;supplementary fluid stability argument;Asymptotic stability;Load modeling;Mathematical model;Numerical stability;Resource management;Stability analysis;Stochastic processes;Computer networks;Lyapunov method;Partial differential equations;Stochastic processes},
doi={10.1109/TAC.2011.2160013},
ISSN={0018-9286},}

@INPROCEEDINGS{D11,
author={Downey, A.B.},
booktitle={Modeling, Analysis and Simulation of Computer and Telecommunication Systems, 2001. Proceedings. Ninth International Symposium on},
title={The structural cause of file size distributions},
year={2001},
month={},
pages={361-370},
keywords={Internet;client-server systems;telecommunication traffic;Internet;Web clients;Web servers long-tailed distribution;World Wide Web;file size distribution;local file systems;structural cause;traffic patterns;user model;Educational institutions;File systems;Information filtering;Information filters;Internet;Probability distribution;Random variables;Shape;Web server;Web sites},
doi={10.1109/MASCOT.2001.948888},
ISSN={1526-7639},}

@INPROCEEDINGS{AJX05,
author={Aguilera, M.K. and Janakiraman, R. and Lihao Xu},
booktitle={Dependable Systems and Networks, 2005. DSN 2005. Proceedings. International Conference on},
title={Using erasure codes efficiently for storage in a distributed system},
year={2005},
month={June},
pages={336-345},
keywords={codes;distributed databases;fault tolerant computing;redundancy;storage management;distributed system;erasure code;space-optimal data redundancy;Computer crashes;Computer science;Costs;Data engineering;Laboratories;Maintenance;Milling machines;Protection;Redundancy;Reliability engineering},
doi={10.1109/DSN.2005.96},}

@ARTICLE{Dimakis,
author={Dimakis, A.G. and Ramchandran, K. and Wu, Y. and Changho Suh},
journal={Proceedings of the IEEE},
title={A Survey on Network Codes for Distributed Storage},
year={2011},
month={March},
volume={99},
number={3},
pages={476-489},
keywords={distributed processing;network coding;storage management;distributed storage system;network codes;partial code recovery;repair network traffic;repair problem;Bandwidth;Data storage systems;Distributed processing;Encoding;Flow graphs;Maintenance engineering;Network coding;Peer to peer computing;Reliability;Distributed storage;erasure coding;interference alignment;multicast;network coding},
doi={10.1109/JPROC.2010.2096170},
ISSN={0018-9219},}

@INPROCEEDINGS{RL05,
author={Rosemark, R. and Wang-Chien Lee},
booktitle={Mobile and Ubiquitous Systems: Networking and Services, 2005. MobiQuitous 2005. The Second Annual International Conference on},
title={Decentralizing query processing in sensor networks},
year={2005},
month={July},
pages={270-280},
keywords={meta data;query processing;telecommunication network routing;wireless sensor networks;access point;data packet;metadata;optimization;query processing;routing tree;semantic characteristics;sensor network;software system;Aggregates;Computer science;Costs;Femtocell networks;Intelligent networks;Query processing;Routing;Sampling methods;Sensor systems;Software systems},
doi={10.1109/MOBIQUITOUS.2005.22},}

@INPROCEEDINGS{RCCK12,
author={Rojas-Cessa, R. and Lin Cai and Kijkanjanarat, T.},
booktitle={Wireless and Optical Communications Conference (WOCC), 2012 21st Annual},
title={Scheduling memory access on a distributed cloud storage network},
year={2012},
month={April},
pages={71-76},
keywords={scheduling;storage area networks;data processing;distributed cloud storage network;high-speed network links;latency-aware scheduling scheme;network transmission links;scheduling memory access;storage system units;Availability;Cloud computing;Databases;Memory management;Random access memory;Search engines},
doi={10.1109/WOCC.2012.6198152},}

@article{CR09,
 author = {Chen, Shuyi and Joshi, Kaustubh R. and Hiltunen, Matti A. and Schlichting, Richard D. and Sanders, William H.},
 title = {Blackbox Prediction of the Impact of DVFS on End-to-end Performance of Multitier Systems},
 journal = {SIGMETRICS Perform. Eval. Rev.},
 issue_date = {March 2010},
 volume = {37},
 number = {4},
 month = mar,
 year = {2010},
 issn = {0163-5999},
 pages = {59--63},
 numpages = {5},
 url = {http://doi.acm.org/10.1145/1773394.1773404},
 doi = {10.1145/1773394.1773404},
 acmid = {1773404},
 publisher = {ACM},
 address = {New York, NY, USA},
}

@inproceedings{LC02,
 author = {Lv, Qin and Cao, Pei and Cohen, Edith and Li, Kai and Shenker, Scott},
 title = {Search and Replication in Unstructured Peer-to-peer Networks},
 booktitle = {Proceedings of the 16th International Conference on Supercomputing},
 series = {ICS '02},
 year = {2002},
 isbn = {1-58113-483-5},
 location = {New York, New York, USA},
 pages = {84--95},
 numpages = {12},
 url = {http://doi.acm.org/10.1145/514191.514206},
 doi = {10.1145/514191.514206},
 acmid = {514206},
 publisher = {ACM},
 address = {New York, NY, USA},
 keywords = {peer-to-peer, replication, search, unstructured},
}

@INPROCEEDINGS{LDT11,
author={Longbo Huang and Pawar, S. and Hao Zhang and Ramchandran, K.},
booktitle={Information Theory Proceedings (ISIT), 2012 IEEE International Symposium on},
title={Codes can reduce queueing delay in data centers},
year={2012},
month={July},
pages={2766-2770},
keywords={computer centres;content-based retrieval;delays;information retrieval systems;linear codes;queueing theory;storage management;BoS algorithm;blocking-one scheduling;content distribution networks;data centers;data retrieval delay reduction;data retrieval latency reduction;linear code;queueing delay reduction;request scheduling algorithm;storage system design;Delay;Encoding;Optimal scheduling;Redundancy;Scheduling;Servers;Throughput},
doi={10.1109/ISIT.2012.6284026},
ISSN={2157-8095},}

@INPROCEEDINGS{DAB08,
author={Duminuco, A. and Biersack, E.},
booktitle={Peer-to-Peer Computing , 2008. P2P '08. Eighth International Conference on},
title={Hierarchical Codes: How to Make Erasure Codes Attractive for Peer-to-Peer Storage Systems},
year={2008},
month={Sept},
pages={89-98},
keywords={codes;peer-to-peer computing;redundancy;reliability;storage allocation;coding techniques;erasure codes attractive;hierarchical codes;peer-to-peer storage systems;redundancy;reliability;Bandwidth;Computer networks;Costs;Distributed computing;Maintenance;Peer to peer computing;Personal communication networks;Redundancy;Space exploration;Telecommunication traffic;Distributed Storage;Peer-to-peer;Redundancy},
doi={10.1109/P2P.2008.9},}

@ARTICLE{LT10,
author={Hsiao-Ying Lin and Wen-Guey Tzeng},
journal={Parallel and Distributed Systems, IEEE Transactions on},
title={A Secure Decentralized Erasure Code for Distributed Networked Storage},
year={2010},
month={Nov},
volume={21},
number={11},
pages={1586-1594},
keywords={Internet;data privacy;distributed memory systems;public key cryptography;Internet;data privacy;decentralized erasure code;distributed storage system;networked storage system;public key encryption;Costs;Cryptography;IP networks;Network servers;Privacy;Public key;Robustness;Secure storage;Web and internet services;Web server;Networked storage system;decentralized erasure code;distributed storage system;security.;threshold encryption},
doi={10.1109/TPDS.2010.27},
ISSN={1045-9219},}

@INPROCEEDINGS{LWS09,
author={Xiangyu Luo and Yun Wang and Zhuowei Shen},
booktitle={Cyber-Enabled Distributed Computing and Knowledge Discovery, 2009. CyberC '09. International Conference on},
title={On the impact of erasure coding parameters to the reliability of distributed brick storage systems},
year={2009},
month={Oct},
pages={250-256},
keywords={data integrity;distributed processing;software reliability;storage management;distributed brick storage systems;erasure coding parameters;system reliability;system survivability;Bandwidth;Computer crashes;Computer science;Cost function;Encoding;Local area networks;Redundancy;Reliability engineering;Storage area networks;Erasure coding parameters;Markov model;distributed brick storage system;reliability},
doi={10.1109/CYBERC.2009.5342197},}

@INPROCEEDINGS{J06,
author={Jin Li},
booktitle={Multimedia and Expo, 2006 IEEE International Conference on},
title={Adaptive Erasure Resilient Coding in Distributed Storage},
year={2006},
month={July},
pages={561-564},
keywords={Internet;adaptive codes;computer network reliability;distributed databases;file servers;information storage;peer-to-peer computing;ERC;P2P;adaptive erasure resilient code;file distribution;peer-to-peer storage;reliability;Application software;Bandwidth;Clouds;Computer network reliability;Computer networks;Hardware;Information retrieval;Network servers;Peer to peer computing;Telecommunication network reliability},
doi={10.1109/ICME.2006.262470},}

@INPROCEEDINGS{BSK11,
author={Rashmi, K.V. and Shah, N.B. and Kumar, P.V.},
booktitle={Information Theory Proceedings (ISIT), 2011 IEEE International Symposium on},
title={Enabling node repair in any erasure code for distributed storage},
year={2011},
month={July},
pages={1235-1239},
keywords={error correction codes;error detection codes;coding scheme construction;constituent codes;data replication;disk reads;distributed storage;erasure code;erasure decoding;error correction;error detection;node failures;node repair;regenerating codes;repair bandwidth;storage space;Arrays;Bandwidth;Decoding;Encoding;Generators;Joining processes;Maintenance engineering},
doi={10.1109/ISIT.2011.6033732},
ISSN={2157-8095},}

@INPROCEEDINGS{WXHH06,
author={Xigui Wang and Zifeng Xiao and Jizhong Han and Chengde Han},
booktitle={Communications and Networking in China, 2006. ChinaCom '06. First International Conference on},
title={Reliable Multicast Based on Erasure Resilient Codes over InfiniBand},
year={2006},
month={Oct},
pages={1-6},
keywords={error correction codes;multi-agent systems;multicast protocols;telecommunication network reliability;ARQ;InfiniBand network;automatic-request retransmission;distributed cache coherence protocol;distributed shared-memory systems;erasure resilient codes;failure probability;message pipeline mechanism;one-to-many point-to-point messages;reliable multicast;Automatic repeat request;Bandwidth;Delay;Emulation;Feedback;Hardware;Multicast algorithms;Multicast protocols;Pipelines;Scalability;Erasure Resilient Codes;InfiniBand;Multicast;Reed-Solomon code},
doi={10.1109/CHINACOM.2006.344802},}

@Book{dummy,
 author    = {A.D. Luca and M. Bhide},
 title     = {Storage virtualization for dummies, Hitachi Data Systems Edition},
 publisher = {John and Wiley Publishing},
 year      =  {2009},
}


@ARTICLE{AmazonS3,
author="Amazon S3",
journal={ available online at http://aws.amazon.com/s3/},
title={Amazon Simple Storage Service},}

@ARTICLE{hadoop,
author="Hadoop",
journal ={http://hadoop.apache.org},}


@INPROCEEDINGS{Google,
author={E. Schurman and J. Brutlag},
booktitle={O‚ÄôReilly Velocity Web performance and operations conference},
title={The user and business impact of server delays, additional bytes and http
chunking in web search},
year={2009},
month={Jun},
}

@inproceedings{Barroso:2011,
 author = {Barroso, Luiz Andre},
 title = {Warehouse-Scale Computing: Entering the Teenage Decade},
 booktitle = {Proceedings of the 38th Annual International Symposium on Computer Architecture},
 series = {ISCA '11},
 year = {2011},
 isbn = {978-1-4503-0472-6},
 location = {San Jose, California, USA},
 pages = {--},
 url = {http://dl.acm.org/citation.cfm?id=2000064.2019527},
 acmid = {2019527},
 publisher = {ACM},
 address = {New York, NY, USA},
}
@article{Barroso:20112,
 author = {Barroso, Luiz Andre},
 title = {Warehouse-Scale Computing: Entering the Teenage Decade},
 journal = {SIGARCH Comput. Archit. News},
 issue_date = {June 2011},
 volume = {39},
 number = {3},
 month = jun,
 year = {2011},
 issn = {0163-5964},
 pages = {--},
 url = {http://doi.acm.org/10.1145/2024723.2019527},
 doi = {10.1145/2024723.2019527},
 acmid = {2019527},
 publisher = {ACM},
 address = {New York, NY, USA},
}


@ARTICLE{MDS-Queue,
author={N. Shah and K. Lee and K. Ramachandran},
journal={arXiv:1211.5405 },
title={The MDS queue: analyzing latency performance of codes and redundant requests},
year={2012},
month={Nov},
}



@INPROCEEDINGS{ISIT:12,
author={Longbo Huang and Pawar, S. and Hao Zhang and Ramchandran, K.},
booktitle={Information Theory Proceedings (ISIT), 2012 IEEE International Symposium on},
title={Codes can reduce queueing delay in data centers},
year={2012},
month={July},
pages={2766-2770},
keywords={computer centres;content-based retrieval;delays;information retrieval systems;linear codes;queueing theory;storage management;BoS algorithm;blocking-one scheduling;content distribution networks;data centers;data retrieval delay reduction;data retrieval latency reduction;linear code;queueing delay reduction;request scheduling algorithm;storage system design;Delay;Encoding;Optimal scheduling;Redundancy;Scheduling;Servers;Throughput},
doi={10.1109/ISIT.2012.6284026},
ISSN={2157-8095},}

@incollection{WK,
year={2002},
isbn={978-3-540-44179-3},
booktitle={Peer-to-Peer Systems},
volume={2429},
series={Lecture Notes in Computer Science},
editor={Druschel, Peter and Kaashoek, Frans and Rowstron, Antony},
title={Erasure Coding Vs. Replication: A Quantitative Comparison},
publisher={Springer Berlin Heidelberg},
author={Weatherspoon, Hakim and Kubiatowicz, JohnD.},
pages={328-337},
language={English}
}




@inproceedings{Al-Fares:2010,
 author = {Al-Fares, Mohammad and Radhakrishnan, Sivasankar and Raghavan, Barath and Huang, Nelson and Vahdat, Amin},
 title = {Hedera: Dynamic Flow Scheduling for Data Center Networks},
 booktitle = {Proceedings of the 7th USENIX Conference on Networked Systems Design and Implementation},
 series = {NSDI'10},
 year = {2010},
 location = {San Jose, California},
 pages = {19--19},
 numpages = {1},
 url = {http://dl.acm.org/citation.cfm?id=1855711.1855730},
 acmid = {1855730},
 publisher = {USENIX Association},
 address = {Berkeley, CA, USA},
}

@INPROCEEDINGS{Fatmi14,
author={Fatmi, O. and Deng Pan},
booktitle={Networking, Sensing and Control (ICNSC), 2014 IEEE 11th International Conference on},
title={Distributed multipath routing for data center networks based on stochastic traffic modeling},
year={2014},
pages={536-541},
keywords={computer centres;computer networks;log normal distribution;optimisation;stochastic processes;telecommunication network routing;telecommunication network topology;telecommunication traffic;NP hard;bisection bandwidth;congestion probability;data center networks;distributed multipath routing;fault tolerance;log normal distribution;network topologies;stochastic load balanced multipath routing problem;stochastic traffic modeling;Bandwidth;Delays;Face;Topology},
doi={10.1109/ICNSC.2014.6819683},
month={April},}



@ARTICLE{CadambeHuang:11,
author={V. R. Cadambe and C. Huang and S. A. Jafar and J. Li},
journal={arXiv:1106.1250 },
title={Optimal repair of MDS codes in distributed storage via subspace interference alignment},
year={2011},
month={Jun},
}


@INPROCEEDINGS{lrc,
author={Papailiopoulos, D.S. and Dimakis, A.G.},
booktitle={Information Theory Proceedings (ISIT), 2012 IEEE International Symposium on},
title={Locally repairable codes},
year={2012},
month={July},
pages={2771-2775},
keywords={information theory;random codes;code distance;distributed storage codes;exact repair problem;information theorety;locality aware flow graph gadget;locally repairable codes;node repair;node storing encoded information;randomized code construction;repair locality;storage cost per node;Encoding;Entropy;Maintenance engineering;Measurement;Peer to peer computing;Reliability;Vectors},
doi={10.1109/ISIT.2012.6284027},
ISSN={2157-8095},}


@INPROCEEDINGS{pam13,
author={Pamies-Juarez, L. and Hollmann, H.D.L. and Oggier, F.},
booktitle={Information Theory Proceedings (ISIT), 2013 IEEE International Symposium on},
title={Locally repairable codes with multiple repair alternatives},
year={2013},
month={July},
pages={892-896},
keywords={codes;geometry;contacted nodes;generalized quadrangles;locally repairable codes;multiple repair alternatives;partial geometries;pg-BLRC;Distributed databases;Encoding;Geometry;Maintenance engineering;Parity check codes;Vectors},
doi={10.1109/ISIT.2013.6620355},
ISSN={2157-8095},}


@ARTICLE{rawat14,
author={Rawat, A.S. and Koyluoglu, O.O. and Silberstein, N. and Vishwanath, S.},
journal={Information Theory, IEEE Transactions on},
title={Optimal Locally Repairable and Secure Codes for Distributed Storage Systems},
year={2014},
month={Jan},
volume={60},
number={1},
pages={212-236},
keywords={distributed databases;security of data;DSS;code construction;colluding eavesdroppers;distributed storage systems;local-repairability;locally repairable coding schemes;minimum storage regenerating codes;optimal locally repairable codes;secrecy capacity;secure coding schemes;stored information decoding;Bandwidth;Decision support systems;Encoding;Maintenance engineering;Resilience;Security;Vectors;Coding for distributed storage systems;locally repairable codes;repair bandwidth efficient codes;security},
doi={10.1109/TIT.2013.2288784},
ISSN={0018-9448},}


@INPROCEEDINGS{sil13,
author={Silberstein, N. and Rawat, A.S. and Koyluoglu, O.O. and Vishwanath, S.},
booktitle={Information Theory Proceedings (ISIT), 2013 IEEE International Symposium on},
title={Optimal locally repairable codes via rank-metric codes},
year={2013},
month={July},
pages={1819-1823},
keywords={codes;distributed databases;storage management;Gabidulin codes;MRD;all-symbol locality;distributed storage systems;maximum rank distance;node failures;optimal locally repairable codes;optimal vector;rank-metric codes;regenerating codes;scalar LRC;Arrays;Bandwidth;Encoding;Maintenance engineering;Spread spectrum communication;Upper bound;Vectors},
doi={10.1109/ISIT.2013.6620541},
ISSN={2157-8095},}

@INPROCEEDINGS{kam13,
author={Kamath, G.M. and Prakash, N. and Lalitha, V. and Kumar, P.V.},
booktitle={Information Theory and Applications Workshop (ITA), 2013},
title={Codes with local regeneration},
year={2013},
month={Feb},
pages={1-5},
keywords={codes;storage area networks;code construction;distributed storage network;local regeneration;node repair;regenerating code;storage repair-bandwidth tradeoff curve;Arrays;Bandwidth;Encoding;Generators;Joining processes;Maintenance engineering;Vectors},
doi={10.1109/ITA.2013.6502947},}

@INPROCEEDINGS{Cadambe13,
author={Cadambe, V. and Mazumdar, A.},
booktitle={Network Coding (NetCod), 2013 International Symposium on},
title={An upper bound on the size of locally recoverable codes},
year={2013},
month={June},
pages={1-5},
keywords={coding errors;alphabet size;code length;code locality;codeword symbol;data downloading;distributed storage;error event;locally recoverable code size;repairable code;single storage node failure;upper bound;Binary codes;Educational institutions;Maintenance engineering;Optimized production technology;Parity check codes;Upper bound},
doi={10.1109/NetCod.2013.6570829},}

@INPROCEEDINGS{Tamo13,
author={Tamo, I. and Papailiopoulos, D.S. and Dimakis, A.G.},
booktitle={Information Theory Proceedings (ISIT), 2013 IEEE International Symposium on},
title={Optimal locally repairable codes and connections to matroid theory},
year={2013},
month={July},
pages={1814-1818},
keywords={Reed-Solomon codes;combinatorial mathematics;matrix algebra;telecommunication traffic;Facebook;LRC;Reed-Solomon code;code generator matrix;erasure code;hadoop distributed file system RAID;large-scale distributed storage system;matroid theory;network traffic;optimal locally repairable code;petabyte-scale distributed storage system;single-failure event;windows azure storage;Encoding;Generators;Maintenance engineering;Peer-to-peer computing;Polynomials;Reed-Solomon codes},
doi={10.1109/ISIT.2013.6620540},
ISSN={2157-8095},}


@ARTICLE{Tamo14,
author={Tamo, I.  and Barg, A.},
journal={arXiv:1402.0916},
title={Bounds on Locally Recoverable Codes with Multiple Recovering Sets},
year={2014},
month={Feb},
}

@INPROCEEDINGS{antonio,
author={Campello, A. and Vaishampayan, V.A.},
booktitle={Information Theory Workshop (ITW), 2014 IEEE},
title={Set avoidance probabilities and bounds on the reliability of erasure coded storage systems},
year={2014},
month={Nov},
pages={616-620},
keywords={codes;data protection;reliability;Cartesian product;data loss probability;disks fail;distributed storage system;erasure coded storage system reliability;erasure codes;finite random sets;probability estimation;set avoidance probabilities;Distributed databases;Maintenance engineering;Random variables;Reliability theory;Upper bound},
doi={10.1109/ITW.2014.6970905},
ISSN={1662-9019},}

@INPROCEEDINGS{Sigcom14,
author={K. V. Rashmi and Nihar B. Shah and Dikang Gu and Hairong Kuang and Dhruba Borthakur and Kannan
Ramchandran},
booktitle={ACM Sigcom 2014},
title={A ``Hitchhiker's" Guide to Fast and Efficient Data
Reconstruction in Erasure-coded Data Centers},
year={2014},
}

@INPROCEEDINGS{sap,
author={Balasubramanian, B. and Tian Lan and Mung Chiang},
booktitle={INFOCOM, 2014 Proceedings IEEE},
title={SAP: Similarity-aware partitioning for efficient cloud storage},
year={2014},
month={April},
pages={592-600},
keywords={cloud computing;computational complexity;computer centres;data communication;file servers;storage management;CNN;Dropbox;NP-hard problem;SAP technique;arbitrary files;bounded space overhead;chunk distribution;chunk storage;cloud storage;data center network congestion;deduplicating problem;distributed server;efficient optimal solution access;file access;file distribution;file storage;network access time minimization;polynomial time complexity;random partition;similarity aware partitioning;space optimal solution;Computers;Conferences;Partitioning algorithms;Polynomials;Servers;Upper bound;Writing},
doi={10.1109/INFOCOM.2014.6847984},}

@INPROCEEDINGS{sap2,
author={Balasubramanian, B. and Tian Lan and Vaneet Aggarwal and Mung Chiang},
booktitle={Preparation},
title={Redundant Similarity-aware partitioning for efficient cloud storage},
}


@article{Meyer:2012,
 author = {Meyer, Dutch T. and Bolosky, William J.},
 title = {A Study of Practical Deduplication},
 journal = {Trans. Storage},
 issue_date = {January 2012},
 volume = {7},
 number = {4},
 month = feb,
 year = {2012},
 issn = {1553-3077},
 pages = {14:1--14:20},
 articleno = {14},
 numpages = {20},
 url = {http://doi.acm.org/10.1145/2078861.2078864},
 doi = {10.1145/2078861.2078864},
 acmid = {2078864},
 publisher = {ACM},
 address = {New York, NY, USA},
 keywords = {Deduplication, Windows, data, filesystem, study},
}

@inproceedings{Clements:2009,
 author = {Clements, Austin T. and Ahmad, Irfan and Vilayannur, Murali and Li, Jinyuan},
 title = {Decentralized Deduplication in SAN Cluster File Systems},
 booktitle = {Proceedings of the 2009 Conference on USENIX Annual Technical Conference},
 series = {USENIX'09},
 year = {2009},
 location = {San Diego, California},
 pages = {8--8},
 numpages = {1},
 url = {http://dl.acm.org/citation.cfm?id=1855807.1855815},
 acmid = {1855815},
 publisher = {USENIX Association},
 address = {Berkeley, CA, USA},
}

@inproceedings{Manber:1994,
 author = {Manber, Udi},
 title = {Finding Similar Files in a Large File System},
 booktitle = {Proceedings of the USENIX Winter 1994 Technical Conference on USENIX Winter 1994 Technical Conference},
 series = {WTEC'94},
 year = {1994},
 location = {San Francisco, California},
 pages = {2--2},
 numpages = {1},
 url = {http://dl.acm.org/citation.cfm?id=1267074.1267076},
 acmid = {1267076},
 publisher = {USENIX Association},
 address = {Berkeley, CA, USA},
}

@INPROCEEDINGS{Baker:95,
author={Baker, B.S.},
booktitle={Reverse Engineering, 1995., Proceedings of 2nd Working Conference on},
title={On finding duplication and near-duplication in large software systems},
year={1995},
month={Jul},
pages={86-95},
keywords={program debugging;software tools;system documentation;systems analysis;systems re-engineering;constants;debugging;dup;experimental results;large software systems;redocumentation;software duplication;system reengineering;systematic substitution;variable names;Application software;Computer bugs;Programming profession;Reverse engineering;Scattering parameters;Sections;Software systems;Terminology;White spaces},
doi={10.1109/WCRE.1995.514697},}
@inproceedings{Forman:2005,
 author = {Forman, George and Eshghi, Kave and Chiocchetti, Stephane},
 title = {Finding Similar Files in Large Document Repositories},
 booktitle = {Proceedings of the Eleventh ACM SIGKDD International Conference on Knowledge Discovery in Data Mining},
 series = {KDD '05},
 year = {2005},
 isbn = {1-59593-135-X},
 location = {Chicago, Illinois, USA},
 pages = {394--400},
 numpages = {7},
 url = {http://doi.acm.org/10.1145/1081870.1081916},
 doi = {10.1145/1081870.1081916},
 acmid = {1081916},
 publisher = {ACM},
 address = {New York, NY, USA},
 keywords = {content management, document management, near duplicate detection, scalability, similarity},
}



@INPROCEEDINGS{Akyol:2010,
author={Akyol, E. and Rose, K. and Ramstad, T.},
booktitle={Information Theory Workshop (ITW), 2010 IEEE},
title={Optimal mappings for joint source channel coding},
year={2010},
month={Jan},
pages={1-5},
keywords={channel coding;iterative methods;mean square error methods;source coding;bandwidth compression;bandwidth expansion;channel power constraint;continuous alphabet discrete time source;decoder mappings;encoder mappings;iterative algorithm;joint source channel coding;k-dimensional channel space;m-dimensional source space;mean square error distortion measure;noisy channel;optimal mappings;optimal source-channel communication system;source-channel distributions;vector transformations;AWGN;Channel coding;Delay;Digital communication;Distortion measurement;Error correction;Iterative algorithms;Mean square error methods;Quantization;Space technology},
doi={10.1109/ITWKSPS.2010.5503179},}


@article{Akyol:2013,
 author = {Akyol, E. and Viswanatha, K. and Rose, K. and Ramstad, T.},
 title = {On Zero Delay Source-Channel Coding},
 journal = {arXiv:1302.3660},
 issue_date = {February 2013},
 month = feb,
 year = {2013},
}

@ARTICLE{Erd:12,
author={Erdozain, A. and Crespo, P.M. and Beferull-Lozano, B.},
journal={Signal Processing, IEEE Transactions on},
title={Multiple Description Analog Joint Source-Channel Coding to Exploit the Diversity in Parallel Channels},
year={2012},
month={Nov},
volume={60},
number={11},
pages={5880-5892},
keywords={AWGN channels;Rayleigh channels;channel coding;delays;source coding;Rayleigh fading parallel channel;analog mapping;digital coding strategy;diversity exploitation;implicit low delay;multiple description analog joint source-channel coding scheme;multiple description strategy;parallel AWGN on-off channel;parallel channel;point-to-point communication;AWGN;Complexity theory;Decoding;Delay;Joints;Source coding;, Analog mappings;, parallel Channels;joint source-channel coding},
doi={10.1109/TSP.2012.2212887},
ISSN={1053-587X},}

@INPROCEEDINGS{Effros:2003,
author={M. Effros and M. Medard and T. Ho and S. Ray and D. Karger and R. Koetter},
booktitle={IEEE DIMACS Workshop on Network Information Theory},
title={Linear network codes: a unified framework for source, channel, and network coding},
year={2003},
month={Mar},
}

@ARTICLE{Pou:2005,
author={Poulliat, C. and Declercq, D. and Lamy-Bergot, C. and Fijalkow, I.},
journal={Communications Letters, IEEE},
title={Analysis and optimization of irregular LDPC codes for joint source-channel decoding},
year={2005},
month={Dec},
volume={9},
number={12},
pages={1064-1066},
keywords={Gaussian channels;approximation theory;combined source-channel coding;convergence of numerical methods;iterative decoding;linear programming;parity check codes;transfer functions;EXIT chart;Gaussian approximation;JSCD;SISO decoder;convergence analysis;extrinsic mutual information transfer function;general optimisation method;irregular LDPC code;iterative system;joint source-channel decoding;linear programming;mutual information evolution equation;optimisation problem;soft input soft output source;Convergence;Equations;Gaussian approximation;Iterative decoding;Linear programming;Mutual information;Optimization methods;Parity check codes;Stability;Transfer functions},
doi={10.1109/LCOMM.2005.1576589},
ISSN={1089-7798},}


@ARTICLE{Poor:10,
author={Fresia, M. and PereÃÅz-Cruz, F. and Poor, H.V. and Verdu, S.},
journal={Signal Processing Magazine, IEEE},
title={Joint Source and Channel Coding},
year={2010},
month={Nov},
volume={27},
number={6},
pages={104-113},
keywords={combined source-channel coding;parity check codes;variable length codes;JSC coding;LDPC code;Slepian-Wolf problem;belief propagation;decoding;encoding;graphical model;joint source channel coding;low density parity check code;variable length codes;Channel coding;Decoding;Encoding;Hidden Markov models;Iterative decoding;Markov processes},
doi={10.1109/MSP.2010.938080},
ISSN={1053-5888},}

@ARTICLE{Dan:2006,
author={Daneshgaran, F. and Laddomada, M. and Mondin, M.},
journal={Communications, IEEE Transactions on},
title={LDPC-based channel coding of correlated sources with iterative joint decoding},
year={2006},
month={April},
volume={54},
number={4},
pages={577-582},
keywords={combined source-channel coding;iterative decoding;parity check codes;product codes;LDPC;channel coding;correlated sources;global iterations;iterative joint decoding;low-density parity-check;source correlation;sum-product decoder;Analytical models;Bit error rate;Channel coding;Image coding;Iterative decoding;Parity check codes;Performance analysis;Source coding;Timing;Turbo codes;Correlated sources;Slepian‚ÄìWolf;iterative decoding;joint decoding;low-density parity-check (LDPC) codes;soft decoding},
doi={10.1109/TCOMM.2006.873062},
ISSN={0090-6778},}

@ARTICLE{Xu:2007,
author={Qian Xu and Stankovic, V. and Zixiang Xiong},
journal={Selected Areas in Communications, IEEE Journal on},
title={Distributed joint source-channel coding of video using raptor codes},
year={2007},
month={May},
volume={25},
number={4},
pages={851-861},
keywords={channel coding;iterative decoding;radio networks;source coding;video coding;video streaming;FGS video coding;Raptor codes;Slepian-Wolf coding;Wyner-Ziv video coding;cross-layer design;decoder designs;digital fountain;distributed source-channel coding;encoder designs;erasure protection;iterative soft-decision decoder;packet loss protection;video coder;video compression;video protection;video quality;video transmission;wireless networks;Bandwidth;Channel coding;Image coding;Iterative decoding;Protection;Robustness;Source coding;Video coding;Video compression;Wireless networks},
doi={10.1109/JSAC.2007.070520},
ISSN={0733-8716},}

@ARTICLE{Vaneet:2008,
author={Vaneet Aggarwal},
journal={	arXiv:0802.2666 },
title={Distributed Joint Source-Channel Coding for arbitrary memoryless correlated sources and Source coding for Markov correlated sources using LDPC codes},
year={2008},
month={Feb},
}

@inproceedings{usenix03:douglis,
    author = {Douglis, Fred and Iyengar, Arun},
    citeulike-article-id = {1159261},
    citeulike-linkout-0 = {http://www.usenix.org/events/usenix03/tech/douglis.html},
    journal = {USENIX 2003 Annual Technical Conference, General Track},
    keywords = {2003, similarity, usenix},
    posted-at = {2007-03-14 08:18:17},
    priority = {2},
    title = {{Application-specific Delta-encoding via Resemblance Detection}},
    url = {http://www.usenix.org/events/usenix03/tech/douglis.html}
}
@inproceedings{Burns:1997,
 author = {Burns, Randal C. and Long, Darrell D. E.},
 title = {Efficient Distributed Backup with Delta Compression},
 booktitle = {Proceedings of the Fifth Workshop on I/O in Parallel and Distributed Systems},
 series = {IOPADS '97},
 year = {1997},
 isbn = {0-89791-966-1},
 location = {San Jose, California, USA},
 pages = {27--36},
 numpages = {10},
 url = {http://doi.acm.org/10.1145/266220.266223},
 doi = {10.1145/266220.266223},
 acmid = {266223},
 publisher = {ACM},
 address = {New York, NY, USA},
}

@inproceedings{Korn:2002,
 author = {Korn, David G. and Vo, Kiem-Phong},
 title = {Engineering a Differencing and Compression Data Format},
 booktitle = {Proceedings of the General Track of the Annual Conference on USENIX Annual Technical Conference},
 series = {ATEC '02},
 year = {2002},
 isbn = {1-880446-00-6},
 pages = {219--228},
 numpages = {10},
 url = {http://dl.acm.org/citation.cfm?id=647057.713862},
 acmid = {713862},
 publisher = {USENIX Association},
 address = {Berkeley, CA, USA},
}


@article{OS:12,
author = {Bertsimas,Dimitris and Natarajan,Karthik and Teo,Chung-Piaw},
title = {TIGHT BOUNDS ON EXPECTED ORDER STATISTICS},
journal = {Probability in the Engineering and Informational Sciences},
volume = {20},
issue = {04},
month = {10},
year = {2006},
issn = {1469-8951},
pages = {667--686},
numpages = {20},
doi = {10.1017/S0269964806060414},
%URL = {http://journals.cambridge.org/article_S0269964806060414},
}



@article{planet,
title = {An open platform for developing, deploying, and accessing planetary-scale services},
URL = {https://www.planet-lab.org},
}
