@Inbook{Nadgowda2014,
	author="Nadgowda, Shripad J.
	and Sreenivas, Ravella C.
	and Gupta, Sanchit
	and Gupta, Neha
	and Verma, Akshat",
	editor="Franch, Xavier
	and Ghose, Aditya K.
	and Lewis, Grace A.
	and Bhiri, Sami",
	chapter="C2P: Co-operative Caching in Distributed Storage Systems",
	title="Service-Oriented Computing: 12th International Conference, ICSOC 2014, Paris, France, November 3-6, 2014. Proceedings",
	year="2014",
	publisher="Springer Berlin Heidelberg",
	address="Berlin, Heidelberg",
	pages="214--229",
	isbn="978-3-662-45391-9",
	doi="10.1007/978-3-662-45391-9_15"
}
@inproceedings{Zhu:2004:PSP:1006209.1006221,
	author = {Zhu, Qingbo and Shankar, Asim and Zhou, Yuanyuan},
	title = {PB-LRU: A Self-tuning Power Aware Storage Cache Replacement Algorithm for Conserving Disk Energy},
	booktitle = {Proceedings of the 18th Annual International Conference on Supercomputing},
	series = {ICS '04},
	year = {2004},
	isbn = {1-58113-839-3},
	location = {Malo, France},
	pages = {79--88},
	numpages = {10},
	doi = {10.1145/1006209.1006221},
	acmid = {1006221},
	publisher = {ACM},
	address = {New York, NY, USA},
	keywords = {cache management, disk storage, power management},
} 

@article{Chang:2008:BDS:1365815.1365816,
	author = {Chang, Fay and Dean, Jeffrey and Ghemawat, Sanjay and Hsieh, Wilson C. and Wallach, Deborah A. and Burrows, Mike and Chandra, Tushar and Fikes, Andrew and Gruber, Robert E.},
	title = {Bigtable: A Distributed Storage System for Structured Data},
	journal = {ACM Trans. Comput. Syst.},
	issue_date = {June 2008},
	volume = {26},
	number = {2},
	month = jun,
	year = {2008},
	issn = {0734-2071},
	pages = {4:1--4:26},
	articleno = {4},
	numpages = {26},
	doi = {10.1145/1365815.1365816},
	acmid = {1365816},
	publisher = {ACM},
	address = {New York, NY, USA},
	keywords = {Large-Scale Distributed Storage},
} 


@ARTICLE{1453496,
author={Jiang, S. and Xiaodong Zhang},
journal={Computers, IEEE Transactions on},
title={Making LRU friendly to weak locality workloads: a novel replacement algorithm to improve buffer cache performance},
year={2005},
volume={54},
number={8},
pages={939-952},
keywords={cache storage;operating systems (computers);LRU replacement algorithm;Low Inter-reference Recency Set algorithm;access patterns;buffer cache performance;inter-reference recency evaluation;memory management;operating system;Costs;Databases;Delay;Frequency;Helium;Indexes;Memory management;Stability;Index Terms- Operating systems;memory management;replacement algorithms.},
doi={10.1109/TC.2005.130},
ISSN={0018-9340},
month={Aug},}
@misc{naik2015read,
	title={Read and write requests to partially cached files},
	author={Naik, M.P. and Schmuck, F.B. and Tewari, R.},
	url={http://www.google.com/patents/US9098413},
	year={2015},
	month=aug # "~4",
	publisher={Google Patents},
	note={US Patent 9,098,413}
}

@inproceedings{Megiddo:2003:ASL:1090694.1090708,
 author = {Megiddo, Nimrod and Modha, Dharmendra S.},
 title = {ARC: A Self-Tuning, Low Overhead Replacement Cache},
 booktitle = {Proceedings of the 2Nd USENIX Conference on File and Storage Technologies},
 series = {FAST '03},
 year = {2003},
 location = {San Francisco, CA},
 pages = {115--130},
 numpages = {16},
 %url = {http://dl.acm.org/citation.cfm?id=1090694.1090708},
 acmid = {1090708},
 publisher = {USENIX Association},
 address = {Berkeley, CA, USA},
}


@inproceedings{Zhou:2001:MRA:647055.715773,
 author = {Zhou, Yuanyuan and Philbin, James and Li, Kai},
 title = {The Multi-Queue Replacement Algorithm for Second Level Buffer Caches},
 booktitle = {Proceedings of the General Track: 2001 USENIX Annual Technical Conference},
 year = {2001},
 isbn = {1-880446-09-X},
 pages = {91--104},
 numpages = {14},
 %url = {http://dl.acm.org/citation.cfm?id=647055.715773},
 acmid = {715773},
 publisher = {USENIX Association},
 address = {Berkeley, CA, USA},
}

@incollection{Pelc07,
year={2007},
isbn={978-3-540-75141-0},
booktitle={Distributed Computing},
volume={4731},
series={Lecture Notes in Computer Science},
editor={Pelc, Andrzej},
doi={10.1007/978-3-540-75142-7_29},
title={Cost-Aware Caching Algorithms for Distributed Storage Servers},
publisher={Springer Berlin Heidelberg},
author={Liang, Shuang and Chen, Ke and Jiang, Song and Zhang, Xiaodong},
pages={373-387},
language={English}
}

@article{DBLP:journals/corr/NiesenM14,
  author    = {Urs Niesen and
               Mohammad Ali Maddah{-}Ali},
  title     = {Coded Caching for Delay-Sensitive Content},
  journal   = {CoRR},
  volume    = {abs/1407.4489},
  year      = {2014},
%  url       = {http://arxiv.org/abs/1407.4489},
  timestamp = {Fri, 01 Aug 2014 13:50:01 +0200},
  biburl    = {http://dblp.uni-trier.de/rec/bib/journals/corr/NiesenM14},
  bibsource = {dblp computer science bibliography, http://dblp.org}
}

@INPROCEEDINGS{6875212,
author={Karamchandani, N. and Niesen, U. and Maddah-Ali, M.A. and Diggavi, S.},
booktitle={Information Theory (ISIT), 2014 IEEE International Symposium on},
title={Hierarchical coded caching},
year={2014},
pages={2142-2146},
keywords={cache storage;encoding;multicast communication;hierarchical coded caching scheme;multihop hierarchical content delivery network;optimal communication rates;single-layer cache networks;Additives;Cache memory;Content distribution networks;Information theory;Mirrors;Multicast communication;Servers},
doi={10.1109/ISIT.2014.6875212},
month={June},}


@ARTICLE{6763007,
author={Maddah-Ali, M.A. and Niesen, U.},
journal={Information Theory, IEEE Transactions on},
title={Fundamental Limits of Caching},
year={2014},
volume={60},
number={5},
pages={2856-2867},
keywords={cache storage;aggregate global cache size;caching problem;caching technique;constant factor;content delivery;content prefetching;cumulative memory;global caching gain;information-theory;local cache size;local caching gain;locally cached copy;peak rate;peak traffic rate reduction;Cache memory;Databases;Multicast communication;Prefetching;Radio frequency;Servers;Upper bound;Caching;coded caching;content distribution;prefetching},
doi={10.1109/TIT.2014.2306938},
ISSN={0018-9448},
month={May},}

@INPROCEEDINGS{6849235,
author={Niesen, U. and Maddah-Ali, M.A.},
booktitle={Computer Communications Workshops (INFOCOM WKSHPS), 2014 IEEE Conference on},
title={Coded caching with nonuniform demands},
year={2014},
pages={221-226},
keywords={cache storage;encoding;file servers;cache contents;coded caching scheme;coded communication;expected load minimization;file server;files popularity distribution;nonuniform demands;shared link;Approximation algorithms;Cache memory;Conferences;Encoding;Memory management;Multicast communication;Servers},
doi={10.1109/INFCOMW.2014.6849235},
month={April},}

@article{DBLP:journals/corr/ShariatpanahiMK15,
  author    = {Seyed Pooya Shariatpanahi and
               Abolfazl Seyed Motahari and
               Babak Hossein Khalaj},
  title     = {Multi-Server Coded Caching},
  journal   = {CoRR},
  volume    = {abs/1503.00265},
  year      = {2015},
%  url       = {http://arxiv.org/abs/1503.00265},
  timestamp = {Thu, 09 Apr 2015 11:33:20 +0200},
  biburl    = {http://dblp.uni-trier.de/rec/bib/journals/corr/ShariatpanahiMK15},
  bibsource = {dblp computer science bibliography, http://dblp.org}
}

@inproceedings{Huang:2013:AFP:2517349.2522722,
 author = {Huang, Qi and Birman, Ken and van Renesse, Robbert and Lloyd, Wyatt and Kumar, Sanjeev and Li, Harry C.},
 title = {An Analysis of Facebook Photo Caching},
 booktitle = {Proceedings of the Twenty-Fourth ACM Symposium on Operating Systems Principles},
 series = {SOSP '13},
 year = {2013},
 isbn = {978-1-4503-2388-8},
 location = {Farminton, Pennsylvania},
 pages = {167--181},
 numpages = {15},
% url = {http://doi.acm.org/10.1145/2517349.2522722},
 doi = {10.1145/2517349.2522722},
 acmid = {2522722},
 publisher = {ACM},
 address = {New York, NY, USA},
}

@inproceedings {180185,
author = {Nathan Bronson and Zach Amsden and George Cabrera and Prasad Chakka and Peter Dimov and Hui Ding and Jack Ferris and Anthony Giardullo and Sachin Kulkarni and Harry Li and Mark Marchukov and Dmitri Petrov and Lovro Puzar and Yee Jiun Song and Venkat Venkataramani},
title = {TAO: Facebook{\textquoteright}s Distributed Data Store for the Social Graph},
booktitle = {Presented as part of the 2013 USENIX Annual Technical Conference (USENIX ATC 13)},
year = {2013},
isbn = {978-1-931971-01-0},
address = {San Jose, CA},
pages = {49--60},
%url = {https://www.usenix.org/conference/atc13/technical-sessions/presentation/bronson},
publisher = {USENIX},
}

@article{Fitzpatrick:2004:DCM:1012889.1012894,
 author = {Fitzpatrick, Brad},
 title = {Distributed Caching with Memcached},
 journal = {Linux J.},
 issue_date = {August 2004},
 volume = {2004},
 number = {124},
 month = aug,
 year = {2004},
 issn = {1075-3583},
 pages = {5--},
% url = {http://dl.acm.org/citation.cfm?id=1012889.1012894},
 acmid = {1012894},
 publisher = {Belltown Media},
 address = {Houston, TX},
}
@inproceedings{Chockler:2010:DCC:1859184.1859190,
 author = {Chockler, Gregory and Laden, Guy and Vigfusson, Ymir},
 title = {Data Caching As a Cloud Service},
 booktitle = {Proceedings of the 4th International Workshop on Large Scale Distributed Systems and Middleware},
 series = {LADIS '10},
 year = {2010},
 isbn = {978-1-4503-0406-1},
 location = {Z\Ã¼rich, Switzerland},
 pages = {18--21},
 numpages = {4},
 %url = {http://doi.acm.org/10.1145/1859184.1859190},
 doi = {10.1145/1859184.1859190},
 acmid = {1859190},
 publisher = {ACM},
 address = {New York, NY, USA},
 keywords = {QoS, cache, partitioning},
}

@ARTICLE{6097162,
author={Chockler, G. and Laden, G. and Vigfusson, Y.},
journal={IBM Journal of Research and Development},
title={Design and implementation of caching services in the cloud},
year={2011},
volume={55},
number={6},
pages={9:1-9:11},
keywords={Cache storage;Computational modeling;Databases;Quality of service;Resource management;Servers;Web and internet services},
doi={10.1147/JRD.2011.2171649},
ISSN={0018-8646},
month={Nov},}
