@book{gamma,
 author = {Poynton, Charles},
 title = {Digital Video and HDTV Algorithms and Interfaces},
 year = {2003},
 edition = {1},
 publisher = {Morgan Kaufmann Publishers Inc.},
} 

@article{EDF,
 author = {Liu, C. L. and Layland, James W.},
 title = {Scheduling Algorithms for Multiprogramming in a Hard-Real-Time Environment},
 journal = {J. ACM},
 issue_date = {Jan. 1973},
 volume = {20},
 number = {1},
 year = {1973},
 pages = {46--61},
} 


@inproceedings{DeTail,
 author = {Zats, David and Das, Tathagata and Mohan, Prashanth and Borthakur, Dhruba and Katz, Randy},
 title = {DeTail: Reducing the Flow Completion Time Tail in Datacenter Networks},
 series = {SIGCOMM '12},
 year = {2012},
 pages = {139--150},
} 

@inproceedings{Incast08, 
 author = {Phanishayee, Amar and Krevat, Elie and Vasudevan, Vijay and Andersen, David G. and Ganger, Gregory R. and Gibson, Garth A. and Seshan, Srinivasan},
 title = {Measurement and Analysis of TCP Throughput Collapse in Cluster-based Storage Systems},
 series = {FAST'08},
 year = {2008},
 pages = {12:1--12:14},
} 

@inproceedings{Incast09,
 author = {Chen, Yanpei and Griffith, Rean and Liu, Junda and Katz, Randy H. and Joseph, Anthony D.},
 title = {Understanding TCP Incast Throughput Collapse in Datacenter Networks},
 series = {WREN '09},
 year = {2009},
 pages = {73--82},
} 

@inproceedings{OLDI,
 author = {Meisner, David and Sadler, Christopher M. and Barroso, Luiz Andr{\'e} and Weber, Wolf-Dietrich and Wenisch, Thomas F.},
 title = {Power Management of Online Data-intensive Services},
 series = {ISCA '11},
 year = {2011},
 pages = {319--330},
} 

@inproceedings{D2TCP,
 author = {Vamanan, Balajee and Hasan, Jahangir and Vijaykumar, T.N.},
 title = {Deadline-aware Datacenter TCP (D2TCP)},
 series = {SIGCOMM '12},
 year = {2012},
 pages = {115--126},
} 

@article{PDQ,
  title={Finishing flows quickly with preemptive scheduling},
  author={Hong, Chi-Yao and Caesar, Matthew and Godfrey, P},
  journal={ACM SIGCOMM Computer Communication Review},
  volume={42},
  number={4},
  pages={127--138},
  year={2012},
  publisher={ACM}
}

@misc{Latency,
  author        = {Latency},
  title         = {Latency Is Everywhere And It Costs You Sales - How To Crush It},
  howpublished = "http://highscalability.com/latency-everywhere-and-it-costs-you-sales-how-crush-it",
  year          = {2009}
}

@inproceedings{pFabric,
 author = {Alizadeh, Mohammad and Yang, Shuang and Sharif, Milad and Katti, Sachin and McKeown, Nick and Prabhakar, Balaji and Shenker, Scott},
 title = {pFabric: Minimal Near-optimal Datacenter Transport},
 series = {SIGCOMM '13},
 year = {2013},
 pages = {435--446},
} 

@inproceedings{AnalysisDCTCP,
 author = {Alizadeh, Mohammad and Javanmard, Adel and Prabhakar, Balaji},
 title = {Analysis of DCTCP: Stability, Convergence, and Fairness},
 series = {SIGMETRICS '11},
 year = {2011},
 pages = {73--84},
} 

@inproceedings{DCTCP,
 author = {Alizadeh, Mohammad and Greenberg, Albert and Maltz, David A. and Padhye, Jitendra and Patel, Parveen and Prabhakar, Balaji and Sengupta, Sudipta and Sridharan, Murari},
 title = {Data Center TCP (DCTCP)},
 series = {SIGCOMM '10},
 year = {2010},
 pages = {63--74},
} 

@inproceedings{D3,
 author = {Wilson, Christo and Ballani, Hitesh and Karagiannis, Thomas and Rowtron, Ant},
 title = {Better Never Than Late: Meeting Deadlines in Datacenter Networks},
 series = {SIGCOMM '11},
 year = {2011},
 pages = {50--61},
} 

@article{TourDC,
 author = {Abts, Dennis and Felderman, Bob},
 title = {A Guided Tour Through Data-center Networking},
 journal = {Queue},
 volume = {10},
 number = {5},
 year = {2012},
 month = {May},
 pages = {10:10--10:23},
} 

@ARTICLE{ICTCP, 
author={Haitao Wu and Zhenqian Feng and Chuanxiong Guo and Yongguang Zhang}, 
journal={Networking, IEEE/ACM Transactions on}, 
title={ICTCP: Incast Congestion Control for TCP in Data-Center Networks}, 
year={2013}, 
month={April}, 
volume={21}, 
number={2}, 
pages={345-358}, 
}

@INPROCEEDINGS{L2DCT, 
author={Munir, A. and Qazi, I.A. and Uzmi, Z.A. and Mushtaq, A. and Ismail, S.N. and Iqbal, M.S. and Khan, B.}, 
booktitle={INFOCOM, 2013 Proceedings IEEE}, 
title={Minimizing flow completion times in data centers}, 
year={2013}, 
month={April}, 
pages={2157-2165}, 
}

@misc{ECN,
 author = {Ramakrishnan, K. and Floyd, S. and Black, D.},
 title = {The Addition of Explicit Congestion Notification (ECN) to IP},
 year = {2001},
} 
 
@INPROCEEDINGS{buffersize, 
author={Barman, D. and Smaragdakis, G. and Matta, I.}, 
booktitle={Global Telecommunications Conference, 2004. GLOBECOM '04. IEEE}, 
title={The effect of router buffer size on HighSpeed TCP performance}, 
year={2004}, 
month={Nov}, 
volume={3}, 
pages={1617-1621 Vol.3}, 
}

@inproceedings{CloudMirror,
  title={Application-driven bandwidth guarantees in datacenters},
  author={Lee, Jeongkeun and Turner, Yoshio and Lee, Myungjin and Popa, Lucian and Banerjee, Sujata and Kang, Joon-Myung and Sharma, Puneet},
  booktitle={Proceedings of the 2014 ACM conference on SIGCOMM},
  pages={467--478},
  year={2014},
  organization={ACM}
}


@inproceedings{DCTCPAnalysis,
  title={Analysis of DCTCP: stability, convergence, and fairness},
  author={Alizadeh, Mohammad and Javanmard, Adel and Prabhakar, Balaji},
  booktitle={Proceedings of the ACM SIGMETRICS joint international conference on Measurement and modeling of computer systems},
  pages={73--84},
  year={2011},
  organization={ACM}
}

@inproceedings{TCPfluid,
  title={Fluid-based analysis of a network of AQM routers supporting TCP flows with an application to RED},
  author={Misra, Vishal and Gong, Wei-Bo and Towsley, Don},
  booktitle={ACM SIGCOMM Computer Communication Review},
  volume={30},
  number={4},
  pages={151--160},
  year={2000},
  organization={ACM}
}

@inproceedings{PASE,
  title={Friends, not foes: synthesizing existing transport strategies for data center networks},
  author={Munir, Ali and Baig, Ghufran and Irteza, Syed M and Qazi, Ihsan A and Liu, Alex X and Dogar, Fahad R},
  booktitle={Proceedings of the 2014 ACM conference on SIGCOMM},
  pages={491--502},
  year={2014},
  organization={ACM}
}


@inproceedings{MPTCP,
  title={Explicit multipath congestion control for data center networks},
  author={Cao, Yu and Xu, Mingwei and Fu, Xiaoming and Dong, Enhuan},
  booktitle={Proceedings of the ninth ACM conference on Emerging networking experiments and technologies},
  pages={73--84},
  year={2013},
  organization={ACM}
}

@misc{dummynet,
title ={The dummynet project. [Online]. Available},
 howpublished ="\url{http://info.iet.unipi.it/∼luigi/dummynet/}",
}


@misc{Akka,
title ={Akka},
 howpublished ="\url{http://akka.io/}",
}

@misc{Varys,
title ={Varys},
 howpublished ="\url{https://github.com/coflow/varys/}",
}

@misc{kryo,
title ={kryo},
 howpublished ="\url{https://code.google.com/p/kryo/}",
}

@misc{Yosemite,
title ={Yosemite},
 howpublished ="\url{https://github.com/zhanghan1990/Yosemite/}",
}

@misc{hadoop,
title ={Hadoop},
 howpublished ="\url{http://hadoop.apache.org/}",
}




@inproceedings{dogar2014decentralized,
  title={Decentralized task-aware scheduling for data center networks},
  author={Dogar, Fahad R and Karagiannis, Thomas and Ballani, Hitesh and Rowstron, Antony},
  booktitle={ACM SIGCOMM Computer Communication Review},
  volume={44},
  number={4},
  pages={431--442},
  year={2014},
  organization={ACM}
}


@inproceedings{zhang2015more,
  title={More load, more differentiation—A design principle for deadline-aware congestion control},
  author={Zhang, Han and Shi, Xingang and Yin, Xia and Ren, Fengyuan and Wang, Zhiliang},
  booktitle={2015 IEEE Conference on Computer Communications (INFOCOM)},
  pages={127--135},
  year={2015},
  organization={IEEE}
}

@inproceedings{munir2014friends,
  title={Friends, not foes: synthesizing existing transport strategies for data center networks},
  author={Munir, Ali and Baig, Ghufran and Irteza, Syed M and Qazi, Ihsan A and Liu, Alex X and Dogar, Fahad R},
  booktitle={ACM SIGCOMM Computer Communication Review},
  volume={44},
  number={4},
  pages={491--502},
  year={2014},
  organization={ACM}
}

@inproceedings{mittal2015timely,
  title={TIMELY: RTT-based Congestion Control for the Datacenter},
  author={Mittal, Radhika and Dukkipati, Nandita and Blem, Emily and Wassel, Hassan and Ghobadi, Monia and Vahdat, Amin and Wang, Yaogong and Wetherall, David and Zats, David and others},
  booktitle={ACM SIGCOMM Computer Communication Review},
  volume={45},
  number={4},
  pages={537--550},
  year={2015},
  organization={ACM}
}


@inproceedings{zhang2016fdrc,
  title={FDRC-Flow duration time based rate control in data center networks},
  author={Zhang, Han and Shi, Xingang and Yin, Xia and Wang, Zhiliang and Guo, YingYa},
  booktitle={Quality of Service (IWQoS), 2016 IEEE/ACM 24th International Symposium on},
  pages={1--10},
  year={2016},
  organization={IEEE}
}
@inproceedings{chen2016scheduling,
  title={Scheduling Mix-flows in Commodity Datacenters with Karuna},
  author={Chen, Li and Chen, Kai and Bai, Wei and Alizadeh, Mohammad},
  booktitle={Proceedings of the 2016 conference on ACM SIGCOMM 2016 Conference},
  pages={174--187},
  year={2016},
  organization={ACM}
}


@inproceedings{chowdhury2014efficient,
  title={Efficient coflow scheduling with varys},
  author={Chowdhury, Mosharaf and Zhong, Yuan and Stoica, Ion},
  booktitle={ACM SIGCOMM Computer Communication Review},
  volume={44},
  number={4},
  pages={443--454},
  year={2014},
  organization={ACM}
}

@article{luo2016towards,
  title={Towards Practical and Near-optimal Coflow Scheduling for Data Center Networks},
  author={Luo, Shouxi and Yu, Hongfang and Zhao, Yangming and Wang, Sheng and Yu, Shui and Li, Lemin},
  journal={IEEE Transactions on Parallel and Distributed Systems},
  volume={27},
  number={11},
  pages={3366--3380},
  year={2016},
  publisher={IEEE}
}

@inproceedings{huang2016sunflow,
  title={Sunflow: Efficient Optical Circuit Scheduling for Coflows},
  author={Huang, Xin Sunny and Sun, Xiaoye Steven and Ng, TS Eugene},
  booktitle={Proceedings of the 12th International on Conference on emerging Networking EXperiments and Technologies},
  pages={297--311},
  year={2016},
  organization={ACM}
}

@inproceedings{chowdhury2015efficient,
  title={Efficient coflow scheduling without prior knowledge},
  author={Chowdhury, Mosharaf and Stoica, Ion},
  booktitle={ACM SIGCOMM Computer Communication Review},
  volume={45},
  number={4},
  pages={393--406},
  year={2015},
  organization={ACM}
}

@inproceedings{zhang2016coda,
  title={CODA: Toward automatically identifying and scheduling coflows in the dark},
  author={Zhang, Hong and Chen, Li and Yi, Bairen and Chen, Kai and Chowdhury, Mosharaf and Geng, Yanhui},
  booktitle={Proceedings of the 2016 conference on ACM SIGCOMM 2016 Conference},
  pages={160--173},
  year={2016},
  organization={ACM}
}


@inproceedings{qiu2015minimizing,
  title={Minimizing the total weighted completion time of coflows in datacenter networks},
  author={Qiu, Zhen and Stein, Cliff and Zhong, Yuan},
  booktitle={Proceedings of the 27th ACM symposium on Parallelism in Algorithms and Architectures},
  pages={294--303},
  year={2015},
  organization={ACM}
}
@article{qiu2016experimental,
  title={Experimental Analysis of Algorithms for Coflow Scheduling⋆},
  author={Qiu, Zhen and Stein, Cliff and Zhong, Yuan},
  journal={arXiv preprint arXiv:1603.07981},
  year={2016}
}

@article{roemer2006note,
  title={A note on the complexity of the concurrent open shop problem},
  author={Roemer, Thomas A},
  journal={Journal of scheduling},
  volume={9},
  number={4},
  pages={389--396},
  year={2006},
  publisher={Springer}
}

@techreport{chen2000supply,
  title={Supply chain scheduling: Assembly systems},
  author={Chen, Zhi-Long and Hall, Nicholas G},
  year={2000},
  institution={Working Paper, Department of Systems Engineering, University of Pennsylvania}
}

@article{mastrolilli2010minimizing,
  title={Minimizing the sum of weighted completion times in a concurrent open shop},
  author={Mastrolilli, Monaldo and Queyranne, Maurice and Schulz, Andreas S and Svensson, Ola and Uhan, Nelson A},
  journal={Operations Research Letters},
  volume={38},
  number={5},
  pages={390--395},
  year={2010},
  publisher={Elsevier}
}

@inproceedings{kumar2011lp,
  title={On LP-based approximability for strict CSPs},
  author={Kumar, Amit and Manokaran, Rajsekar and Tulsiani, Madhur and Vishnoi, Nisheeth K},
  booktitle={Proceedings of the twenty-second annual ACM-SIAM symposium on Discrete Algorithms},
  pages={1560--1573},
  year={2011},
  organization={Society for Industrial and Applied Mathematics}
}

@inproceedings{chowdhury2012coflow,
  title={Coflow: A networking abstraction for cluster applications},
  author={Chowdhury, Mosharaf and Stoica, Ion},
  booktitle={Proceedings of the 11th ACM Workshop on Hot Topics in Networks},
  pages={31--36},
  year={2012},
  organization={ACM}
}

@article{dean2008mapreduce,
  title={MapReduce: simplified data processing on large clusters},
  author={Dean, Jeffrey and Ghemawat, Sanjay},
  journal={Communications of the ACM},
  volume={51},
  number={1},
  pages={107--113},
  year={2008},
  publisher={ACM}
}

@inproceedings{tolia2006architecture,
  title={An Architecture for Internet Data Transfer.},
  author={Tolia, Niraj and Kaminsky, Michael and Andersen, David G and Patil, Swapnil},
  booktitle={NSDI},
  year={2006}
}

@misc{YosemiteSim,
title ={YosemiteSim},
 howpublished ="\url{https://github.com/zhanghan1990/YosemiteSim/}",
}

@article{lin2010secure,
  title={A secure decentralized erasure code for distributed networked storage},
  author={Lin, Hsiao-Ying and Tzeng, Wen-Guey},
  journal={IEEE transactions on Parallel and Distributed Systems},
  volume={21},
  number={11},
  pages={1586--1594},
  year={2010},
  publisher={IEEE}
}

@article{dimakis2006decentralized,
  title={Decentralized erasure codes for distributed networked storage},
  author={Dimakis, Alexandros G and Prabhakaran, Vinod and Ramchandran, Kannan},
  journal={IEEE/ACM Transactions on Networking (TON)},
  volume={14},
  number={SI},
  pages={2809--2816},
  year={2006},
  publisher={IEEE Press}
}


@inproceedings{chowdhury2011managing,
  title={Managing data transfers in computer clusters with orchestra},
  author={Chowdhury, Mosharaf and Zaharia, Matei and Ma, Justin and Jordan, Michael I and Stoica, Ion},
  booktitle={ACM SIGCOMM Computer Communication Review},
  volume={41},
  number={4},
  pages={98--109},
  year={2011},
  organization={ACM}
}

@misc{openstack,
title ={openstack},
 howpublished ="\url{https://www.openstack.org/}",
}

@misc{alluxio,
title ={alluxio},
 howpublished ="\url{http://www.alluxio.org/}",
}

@misc{TC,
title ={Traffic Control},
 howpublished ="\url{http://tldp.org/HOWTO/Traffic-Control-HOWTO/intro.html/}",
}

